%% This BibTeX bibliography file was created using BibDesk.
%% https://bibdesk.sourceforge.io/

%% Created for Biagio at 2022-07-20 13:16:37 +0200 


%% Saved with string encoding Unicode (UTF-8) 



@inproceedings{kennedy,
	author = {Kennedy, Sean and Li, Haipeng and Wang, Chenggang and Liu, Hao and Wang, Boyang and Sun, Wenhai},
	booktitle = {2019 IEEE Conference on Communications and Network Security (CNS)},
	date-added = {2022-07-20 13:16:31 +0200},
	date-modified = {2022-07-20 13:16:36 +0200},
	doi = {10.1109/CNS.2019.8802686},
	pages = {232-240},
	title = {I Can Hear Your Alexa: Voice Command Fingerprinting on Smart Home Speakers},
	year = {2019},
	bdsk-url-1 = {https://doi.org/10.1109/CNS.2019.8802686}}
